% Encoding: UTF-8

@BOOK{artComputerProgramming,
  TITLE = {The Art of Computer Programming},
  AUTHOR = {Knuth, Donald E.},
  YEAR = {1969},
  PUBLISHER = {Addison-Wesley},
}

@misc{Grafos,
    author    = "Benavides Vázquez, José Alberto",
    title     = "Grafos con python para Flujo en Redes",
    howpublished = "https://github.com/jbenavidesv87/FlujoRedes"
}

@Comment{https://tex.stackexchange.com/questions/35977/how-to-add-a-url-to-a-latex-bibtex-file}
@Comment{jabref-meta: databaseType:bibtex;}
