% Encoding: UTF-8

@misc{Grafos,
    author    = "Benavides Vázquez, José Alberto",
    title     = "Grafos con python para Flujo en Redes",
    howpublished = "https://github.com/jbenavidesv87/FlujoRedes"
}

@misc{manhattan,
    author    = "Benavides Vázquez, José Alberto",
    title     = "Grafos en red, distancia Manhattan y percolación de vecindades",
    howpublished = "https://github.com/jbenavidesv87/FlujoRedes/blob/master/Reportes/p5/percolacion.pdf"
}

@Comment{https://tex.stackexchange.com/questions/35977/how-to-add-a-url-to-a-latex-bibtex-file}
@Comment{jabref-meta: databaseType:bibtex;}
