% Encoding: UTF-8

@Misc{BarabasiNetwork,
  author       = {Albert-L치zl칩 Bar치basi},
  title        = {Graph Theory},
  howpublished = {\url{http://barabasi.com/networksciencebook/chapter/2}},
  keywords     = {Redes, Grafos},
  url          = {http://barabasi.com/networksciencebook/chapter/2},
}

@Misc{SchaefferNetwork,
  author       = {Elisa Schaeffer},
  title        = {Optimizaci칩n de flujo en redes},
  howpublished = {\url{https://elisa.dyndns-web.com/teaching/opt/flow/}},
  keywords     = {Redes, Grafos},
  url          = {https://elisa.dyndns-web.com/teaching/opt/flow/},
}

@Comment{https://tex.stackexchange.com/questions/35977/how-to-add-a-url-to-a-latex-bibtex-file}
@Comment{jabref-meta: databaseType:bibtex;}
